@book{connolly2014fundamentals,
  title={Fundamentals of Web Development},
  author={Connolly, R. and Hoar, R.},
  isbn={9780133407150},
  lccn={2014003354},
  series={Always learning},
  url={https://books.google.gr/books?id=Ve6DngEACAAJ},
  year={2014},
  publisher={Pearson}
}
@book{baeza1999modern,
  title={Modern information retrieval},
  author={Baeza-Yates, Ricardo and Ribeiro-Neto, Berthier and others},
  volume={463},
  year={1999},
  publisher={ACM press New York}
}
@book{dunham2003data,
  title={Data Mining Introductory and Advanced Topics},
  author={Dunham, M.H.},
  isbn={9780130888921},
  lccn={2002075976},
  series={An Alan R. Apt book},
  url={https://books.google.gr/books?id=30LBQgAACAAJ},
  year={2003},
  publisher={Prentice Hall/Pearson Education}
}

