@book{goodfellow2016deep,
  title={Deep learning},
  author={Goodfellow, Ian and Bengio, Yoshua and Courville, Aaron},
  year={2016},
  publisher={MIT press}
}

@article{IBM2023,
  title={AI Fairness 360: An extensible toolkit for detecting and mitigating algorithmic bias},
  author={Bellamy, Rachel KE and Dey, Kuntal and Hind, Michael and Hoffman, Samuel C and Houde, Stephanie and Kannan, Kalapriya and Lohia, Pranay and Martino, Jacquelyn and Mehta, Sameep and Mojsilovi{\'c}, Aleksandra and others},
  journal={IBM Journal of Research and Development},
  volume={63},
  number={4/5},
  pages={4--1},
  year={2019},
  publisher={IBM}
}

@inproceedings{hufthammer2020bias,
  title={Bias mitigation with AIF360: A comparative study},
  author={Hufthammer, Knut T and Aasheim, Tor H and {\AA}nneland, S{\o}lve and Brynjulfsen, H{\aa}vard and Slavkovik, Marija},
  booktitle={NIKT: Norsk IKT-konferanse for forskning og utdanning 2020},
  year={2020},
  organization={Norsk IKT-konferanse for forskning og utdanning}
}

@inproceedings{buolamwini2018gender,
  title={Gender shades: Intersectional accuracy disparities in commercial gender classification},
  author={Buolamwini, Joy and Gebru, Timnit},
  booktitle={Conference on fairness, accountability and transparency},
  pages={77--91},
  year={2018},
  organization={PMLR}
}

@article{suresh2019fairness,
  title={A framework for understanding unintended consequences of machine learning},
  author={Suresh, Harini and Guttag, John V},
  journal={arXiv preprint arXiv:1901.10002},
  volume={2},
  number={8},
  pages={73},
  year={2019}
}

@inproceedings{dwork2012fairness,
  title={Fairness through awareness},
  author={Dwork, Cynthia and Hardt, Moritz and Pitassi, Toniann and Reingold, Omer and Zemel, Richard},
  booktitle={Proceedings of the 3rd innovations in theoretical computer science conference},
  pages={214--226},
  year={2012}
}

@article{barocas2016big,
  title={Big data's disparate impact},
  author={Barocas, Solon and Selbst, Andrew D},
  journal={Calif. L. Rev.},
  volume={104},
  pages={671},
  year={2016},
  publisher={HeinOnline}
}

@book{o2016weapons,
  title={Weapons of math destruction: how big data increases inequality and threatens democracy},
  author={Verma, Shikha},
  journal={Vikalpa},
  volume={44},
  number={2},
  pages={97--98},
  year={2019},
  publisher={SAGE Publications Sage India: New Delhi, India}
}

@article{hardt2016equality,
  title={Equality of opportunity in supervised learning},
  author={Hardt, Moritz and Price, Eric and Srebro, Nati},
  journal={Advances in neural information processing systems},
  volume={29},
  year={2016}
}

@article{chouldechova2020snapshot,
  title={A snapshot of the frontiers of fairness in machine learning},
  author={Chouldechova, Alexandra and Roth, Aaron},
  journal={Communications of the ACM},
  volume={63},
  number={5},
  pages={82--89},
  year={2020},
  publisher={ACM New York, NY, USA}
}

@inproceedings{stypinska2021ageism,
  title={Ageism in AI: new forms of age discrimination in the era of algorithms and artificial intelligence},
  author={Stypinska, Justyna},
  booktitle={CAIP 2021: Proceedings of the 1st International Conference on AI for People: Towards Sustainable AI},
  pages={39},
  year={2021}
}

@incollection{angwin2022machine,
  title={Machine bias},
  author={Angwin, Julia and Larson, Jeff and Mattu, Surya and Kirchner, Lauren},
  booktitle={Ethics of data and analytics},
  pages={254--264},
  year={2022},
  publisher={Auerbach Publications}
}

@article{obermeyer2019dissecting,
  title={Dissecting racial bias in an algorithm used to manage the health of populations},
  author={Obermeyer, Ziad and Powers, Brian and Vogeli, Christine and Mullainathan, Sendhil},
  journal={Science},
  volume={366},
  number={6464},
  pages={447--453},
  year={2019},
  publisher={American Association for the Advancement of Science}
}

@article{bartlett2022consumer,
  title={Consumer-lending discrimination in the FinTech era},
  author={Bartlett, Robert and Morse, Adair and Stanton, Richard and Wallace, Nancy},
  journal={Journal of Financial Economics},
  volume={143},
  number={1},
  pages={30--56},
  year={2022},
  publisher={Elsevier}
}

@inproceedings{raghavan2020mitigating,
  title={Mitigating bias in algorithmic hiring: Evaluating claims and practices},
  author={Raghavan, Manish and Barocas, Solon and Kleinberg, Jon and Levy, Karen},
  booktitle={Proceedings of the 2020 conference on fairness, accountability, and transparency},
  pages={469--481},
  year={2020}
}

@inproceedings{wright2024null,
  title={Null Compliance: NYC Local Law 144 and the challenges of algorithm accountability},
  author={Wright, Lucas and Muenster, Roxana Mika and Vecchione, Briana and Qu, Tianyao and Cai, Pika and Smith, Alan and Comm 2450 Student Investigators and Metcalf, Jacob and Matias, J Nathan and others},
  booktitle={The 2024 ACM Conference on Fairness, Accountability, and Transparency},
  pages={1701--1713},
  year={2024}
}

@article{andrews2022automating,
  title={Automating Discrimination: AI Hiring Practices and Gender Inequality},
  author={Andrews, Lori and Bucher, Hannah},
  journal={Cardozo L. Rev.},
  volume={44},
  pages={145},
  year={2022},
  publisher={HeinOnline}
}

@article{kodiyan2019overview,
  title={An overview of ethical issues in using AI systems in hiring with a case study of Amazon’s AI based hiring tool},
  author={Kodiyan, Akhil Alfons},
  journal={Researchgate Preprint},
  pages={1--19},
  year={2019}
}

@article{travaini2022machine,
  title={Machine learning and criminal justice: A systematic review of advanced methodology for recidivism risk prediction},
  author={Travaini, Guido Vittorio and Pacchioni, Federico and Bellumore, Silvia and Bosia, Marta and De Micco, Francesco},
  journal={International journal of environmental research and public health},
  volume={19},
  number={17},
  pages={10594},
  year={2022},
  publisher={MDPI}
}

@article{dressel2018accuracy,
  title={The accuracy, fairness, and limits of predicting recidivism},
  author={Dressel, Julia and Farid, Hany},
  journal={Science advances},
  volume={4},
  number={1},
  pages={eaao5580},
  year={2018},
  publisher={American Association for the Advancement of Science}
}

@article{mehrabi2021survey,
  title={A survey on bias and fairness in machine learning},
  author={Mehrabi, Ninareh and Morstatter, Fred and Saxena, Nripsuta and Lerman, Kristina and Galstyan, Aram},
  journal={ACM computing surveys (CSUR)},
  volume={54},
  number={6},
  pages={1--35},
  year={2021},
  publisher={ACM New York, NY, USA}
}

@inproceedings{zhang2018mitigating,
  title={Mitigating unwanted biases with adversarial learning},
  author={Zhang, Brian Hu and Lemoine, Blake and Mitchell, Margaret},
  booktitle={Proceedings of the 2018 AAAI/ACM Conference on AI, Ethics, and Society},
  pages={335--340},
  year={2018}
}

@article{corbett2023measure,
  title={The measure and mismeasure of fairness},
  author={Corbett-Davies, Sam and Gaebler, Johann D and Nilforoshan, Hamed and Shroff, Ravi and Goel, Sharad},
  journal={The Journal of Machine Learning Research},
  volume={24},
  number={1},
  pages={14730--14846},
  year={2023},
  publisher={JMLRORG}
}

@book{aggarwal2023flask,
  title={Flask Framework Cookbook: Enhance your Flask skills with advanced techniques and build dynamic, responsive web applications},
  author={Aggarwal, Shalabh},
  year={2023},
  publisher={Packt Publishing Ltd}
}

@article{hilliard2023local,
  title={What is New York City Local Law 144?},
  author={Hilliard, Airlie},
  journal={Holistic AI},
  year={2023},
  month={October 19},
  url={https://www.holisticai.com/blog/new-nyc-local-law-144},
  note={Accessed: 2024-07-10}
}


@misc{dcwp2024aedtp,
  author       = {NYC Department of Consumer and Worker Protection},
  title        = {Automated Employment Decision Tools (AEDT)},
  year         ={ 2024},
  url          = {https://www.nyc.gov/site/dca/about/automated-employment-decision-tools.page},
  note         = {Accessed: 2024-07-10}
}

@misc{dcwp2024faq,
  author       = {NYC Department of Consumer and Worker Protection},
  title        = {Automated Employment Decision Tools: Frequently Asked Questions},
  year         = {2023},
  url          = {https://www.nyc.gov/assets/dca/downloads/pdf/about/DCWP-AEDT-FAQ.pdf},
  note         = {Accessed: 2024-07-10}
}

@article{alam2023explainable,
  title={Explainable AI in Healthcare: Enhancing transparency and trust upon legal and ethical consideration},
  author={Alam, Mohammad Nazmul and Kaur, Mandeep and Kabir, Md Shahin},
  journal={Int Res J Eng Technol},
  volume={10},
  number={6},
  pages={1--9},
  year={2023}
}

@article{wong2023seeing,
  title={Seeing like a toolkit: How toolkits envision the work of AI ethics},
  author={Wong, Richmond Y and Madaio, Michael A and Merrill, Nick},
  journal={Proceedings of the ACM on Human-Computer Interaction},
  volume={7},
  number={CSCW1},
  pages={1--27},
  year={2023},
  publisher={ACM New York, NY, USA}
}

@article{iapp2023bias,
  author       = {{International Association of Privacy Professionals}},
  title        = {Practical Considerations for Bias Audits Under NYC Local Law 144},
  year         = {2023},
  url          = {https://iapp.org/news/a/practical-considerations-for-bias-audits-under-nyc-local-law-144},
  note         = {Accessed: 2024-07-10}
}

@article{ulnicane2023power,
  title={Power and politics in framing bias in Artificial Intelligence policy},
  author={Ulnicane, Inga and Aden, Aini},
  journal={Review of Policy Research},
  volume={40},
  number={5},
  pages={665--687},
  year={2023},
  publisher={Wiley Online Library}
}

@article{osasona2024reviewing,
  title={Reviewing the ethical implications of AI in decision making processes},
  author={Osasona, Femi and Amoo, Olukunle Oladipupo and Atadoga, Akoh and Abrahams, Temitayo Oluwaseun and Farayola, Oluwatoyin Ajoke and Ayinla, Benjamin Samson},
  journal={International Journal of Management \& Entrepreneurship Research},
  volume={6},
  number={2},
  pages={322--335},
  year={2024}
}

@article{balasubramaniam2023transparency,
  author       = {Balasubramaniam, Nagadivya and others},
  title        = {Transparency and explainability of AI systems: From ethical guidelines to requirements},
  journal      = {Information and Software Technology},
  year         = {2023},
  volume       = {159},
  pages        = {107197}
}

@article{uzougbo2024legal,
  author       = {Uzougbo, Ngozi Samuel and Ikegwu, Chinonso Gladys and Adewusi, Adefolake Olachi},
  title        = {Legal accountability and ethical considerations of AI in financial services},
  journal      = {GSC Advanced Research and Reviews},
  year         = {2024},
  volume       = {19},
  number       = {2},
  pages        = {130-142}
}

@article{berente2021managing,
  author       = {Berente, Nicholas and others},
  title        = {Managing artificial intelligence},
  journal      = {MIS Quarterly},
  year         = {2021},
  volume       = {45},
  number       = {3}
}


@article{mack2023promoting,
  author       = {Olga Mack},
  title        = {Promoting AI Fairness: The Application of Disparate Impact Theory},
  year         = {2023},
  url          = {https://law.mit.edu/pub/promoting-ai-fairness-disparate-impact-theory/release/1},
  note         = {Accessed: 2024-07-10}
}


@misc{closedloop2023metric,
  author       = {Joseph Gartner},
  title        = {A New Metric for Quantifying Machine Learning Fairness in Healthcare},
  year         = {2023},
  url          = {https://www.closedloop.ai/blog/a-new-metric-for-quantifying-machine-learning-fairness-in-healthcare/},
  note         = {Accessed: 2024-07-10}
}


@inproceedings{mcdonald2020intersectional,
  author       = {McDonald, Nora and Pan, Shimei},
  title        = {Intersectional AI: A study of how information science students think about ethics and their impact},
  journal      = {Proceedings of the ACM on Human-Computer Interaction},
  year         = {2020},
  volume       = {4},
  number       = {CSCW2},
  pages        = {1-19}
}

@book{kong2022intersectionally,
  author       = {Kong, Youjin},
  title        = {Are “intersectionally fair” AI algorithms really fair to women of color? A philosophical analysis},
  booktitle    = {Proceedings of the 2022 ACM Conference on Fairness, Accountability, and Transparency},
  year         = {2022},
  pages        = {485-494}
}

@book{hastie2009elements,
  author       = {Hastie, Trevor and Tibshirani, Robert and Friedman, Jerome},
  title        = {The Elements of Statistical Learning: Data Mining, Inference, and Prediction},
  year         = {2009},
  publisher    = {Springer},
  address      = {New York}
}

@article{taye2023understanding,
  author       = {Taye, Mohammad Mustafa},
  title        = {Understanding of machine learning with deep learning: architectures, workflow, applications and future directions},
  journal      = {Computers},
  year         = {2023},
  volume       = {12},
  number       = {5},
  pages        = {91}
}

@article{zaidi2023two,
  author       = {Zaidi, Abdelhamid and Al Luhayb, Asamh Saleh M.},
  title        = {Two statistical approaches to justify the use of the logistic function in binary logistic regression},
  journal      = {Mathematical Problems in Engineering},
  year         = {2023},
  volume       = {2023},
  number       = {1},
  pages        = {5525675}
}

@article{rokach2016decision,
  author       = {Rokach, Lior},
  title        = {Decision forest: Twenty years of research},
  journal      = {Information Fusion},
  year         = {2016},
  volume       = {27},
  pages        = {111-125}
}

@article{belgiu2016random,
  author       = {Belgiu, Mariana and Drăguţ, Lucian},
  title        = {Random forest in remote sensing: A review of applications and future directions},
  journal      = {ISPRS Journal of Photogrammetry and Remote Sensing},
  year         = {2016},
  volume       = {114},
  pages        = {24-31}
}


@techreport{breiman2022random,
  author       = {Breiman, L. and Cutler, A.},
  title        = {Random forest for classification and regression},
  institution  = {UTC},
  year         = {2022},
  pages        = {29}
}


@article{goehry2023random,
  author       = {Goehry, Benjamin and others},
  title        = {Random forests for time series},
  journal      = {REVSTAT-Statistical Journal},
  year         = {2023},
  volume       = {21},
  number       = {2},
  pages        = {283--302}
}

@article{kaur2024wheat,
  author       = {Kaur, Jasmine and Bhambri, Pankaj and Sharma, Kapil},
  title        = {Wheat production analysis based on Naïve Bayes classifier},
  journal      = {Journal of Systems Engineering and Electronics},
  year         = {2024},
  volume       = {34},
  number       = {1},
  issn         = {1671-1793}
}

@incollection{veziroglu2024performance,
  author       = {Veziroğlu, Merve and Eziroğlu, Erkan and Bucak, İhsan Ömür},
  title        = {Performance comparison between Naive Bayes and machine learning algorithms for news classification},
  booktitle    = {Bayesian Inference-Recent Trends},
  year         = {2024},
  publisher    = {IntechOpen}
}

@inproceedings{ravinder2024web,
  author       = {Ravinder, Bathini and others},
  title        = {Web Data Mining with Organized Contents Using Naive Bayes Algorithm},
  booktitle    = {2024 2nd International Conference on Computer, Communication and Control (IC4)},
  year         = {2024},
  publisher    = {IEEE},
  pages        = {1-6}
}

@book{bishop2006pattern,
  author       = {Bishop, Christopher M. and Nasrabadi, Nasser M.},
  title        = {Pattern Recognition and Machine Learning},
  year         = {2006},
  publisher    = {Springer},
  address      = {New York}
}

@article{powers2018evaluation,
  title={Evaluation: From Precision, Recall and F-Measure to ROC, Informedness, Markedness \& Correlation},
  author={Powers, David Martin},
  journal={Journal of Machine Learning Technologies},
  year={2018}
}

@article{hancock2023evaluating,
  author       = {Hancock, John T. and Khoshgoftaar, Taghi M. and Johnson, Justin M.},
  title        = {Evaluating classifier performance with highly imbalanced big data},
  journal      = {Journal of Big Data},
  year         = {2023},
  volume       = {10},
  number       = {1},
  pages        = {42}
}

@inproceedings{yacouby2020probabilistic,
  author       = {Yacouby, Reda and Axman, Dustin},
  title        = {Probabilistic extension of precision, recall, and f1 score for more thorough evaluation of classification models},
  booktitle    = {Proceedings of the First Workshop on Evaluation and Comparison of NLP Systems},
  year         = {2020},
  pages        = {79-91}
}


@article{abdullah2021machine,
  author       = {Abdullah, Dakhaz Mustafa and Abdulazeez, Adnan Mohsin},
  title        = {Machine learning applications based on SVM classification: a review},
  journal      = {Qubahan Academic Journal},
  year         = {2021},
  volume       = {1},
  number       = {2},
  pages        = {81-90}
}

@article{mohammadi2021comprehensive,
  author       = {Mohammadi, Mokhtar and others},
  title        = {A comprehensive survey and taxonomy of the SVM-based intrusion detection systems},
  journal      = {Journal of Network and Computer Applications},
  year         = {2021},
  volume       = {178},
  pages        = {102983}
}


@article{modhugu2024comparative,
  author       = {Modhugu, Venugopal Reddy and Ponnusamy, Sivakumar},
  title        = {Comparative Analysis of Machine Learning Algorithms for Liver Disease Prediction: SVM, Logistic Regression, and Decision Tree},
  journal      = {Asian Journal of Research in Computer Science},
  year         = {2024},
  volume       = {17},
  number       = {6},
  pages        = {188-201}
}

@inproceedings{feldman2015certifying,
  author       = {Feldman, Michael and others},
  title        = {Certifying and removing disparate impact},
  booktitle    = {Proceedings of the 21th ACM SIGKDD International Conference on Knowledge Discovery and Data Mining},
  year         = {2015},
  pages        = {259-268}
}

@article{lagioia2023algorithmic,
  author       = {Lagioia, Francesca and Rovatti, Riccardo and Sartor, Giovanni},
  title        = {Algorithmic fairness through group parities? The case of COMPAS-SAPMOC},
  journal      = {AI \& SOCIETY},
  year         = {2023},
  volume       = {38},
  number       = {2},
  pages        = {459-478}
}

@book{bacchi2024same,
  author       = {Bacchi, Carol Lee},
  title        = {Same Difference: Feminism and Sexual Difference},
  year         = {2024},
  publisher    = {Taylor \& Francis}
}

@inproceedings{verma2018fairness,
  author       = {Verma, Sahil and Rubin, Julia},
  title        = {Fairness definitions explained},
  booktitle    = {Proceedings of the International Workshop on Software Fairness},
  year         = {2018},
  pages        = {1-7}
}

@article{chen2023comprehensive,
  author       = {Chen, Zhenpeng and others},
  title        = {A comprehensive empirical study of bias mitigation methods for machine learning classifiers},
  journal      = {ACM Transactions on Software Engineering and Methodology},
  year         = {2023},
  volume       = {32},
  number       = {4},
  pages        = {1-30}
}

@article{yang2023adversarial,
  author       = {Yang, Jenny and others},
  title        = {An adversarial training framework for mitigating algorithmic biases in clinical machine learning},
  journal      = {NPJ Digital Medicine},
  year         = {2023},
  volume       = {6},
  number       = {1},
  pages        = {55}
}

@article{yu2022missing,
  author       = {Yu, Lean and others},
  title        = {Missing data preprocessing in credit classification: One-hot encoding or imputation?},
  journal      = {Emerging Markets Finance and Trade},
  year         = {2022},
  volume       = {58},
  number       = {2},
  pages        = {472-482}
}

@inproceedings{kosaraju2023categorical,
  author       = {Kosaraju, Nishoak and Sankepally, Sainath Reddy and Mallikharjuna Rao, K.},
  title        = {Categorical data: Need, encoding, selection of encoding method and its emergence in machine learning models—a practical review study on heart disease prediction dataset using Pearson correlation},
  booktitle    = {Proceedings of International Conference on Data Science and Applications: ICDSA 2022, Volume 1},
  year         = {2023},
  pages        = {369-382},
  publisher    = {Springer Nature Singapore},
  address      = {Singapore}
}

@misc{analyticsvidhya2024,
  title={One Hot Encoding vs. Label Encoding in Machine Learning},
  author={Analytics Vidhya},
  year={2024},
  url={https://www.analyticsvidhya.com/blog/2020/01/encoding-categorical-data/},
}

@article{saranya2023comparative,
  author       = {Saranya, T. and others},
  title        = {A comparative study of deep learning and Internet of Things for precision agriculture},
  journal      = {Engineering Applications of Artificial Intelligence},
  year         = {2023},
  volume       = {122},
  pages        = {106034}
}

@article{ferrara2023fairness,
  author       = {Ferrara, Emilio},
  title        = {Fairness and bias in artificial intelligence: A brief survey of sources, impacts, and mitigation strategies},
  journal      = {Sci},
  year         = {2023},
  volume       = {6},
  number       = {1},
  pages        = {3}
}

@article{dutt2021income,
  author       = {Dutt, Pushan and Tsetlin, Ilia},
  title        = {Income distribution and economic development: Insights from machine learning},
  journal      = {Economics \& Politics},
  year         = {2021},
  volume       = {33},
  number       = {1},
  pages        = {1-36}
}

@misc{tizpaz2024how,
  author       = {Tizpaz-Niari, Saeid and Kosheleva, Olga and Kreinovich, Vladik},
  title        = {How to Gauge Inequality and Fairness: A Complete Description of All Decomposable Versions of Theil Index},
  year         = {2024}
}

@inproceedings{vazquez2020c4,
  author       = {Vázquez-Ingelmo, Andrea and García-Holgado, Alicia and García-Peñalvo, Francisco J.},
  title        = {C4 model in a Software Engineering subject to ease the comprehension of UML and the software},
  booktitle    = {2020 IEEE Global Engineering Education Conference (EDUCON)},
  year         = {2020},
  pages        = {919-924},
  publisher    = {IEEE}
}


@misc{thomas2023architectural,
  author       = {Thomas, Richard and Webb, Brae},
  title        = {Architectural views},
  year         = {2023}
}

@incollection{singh2020introduction,
  author       = {Singh, Pramod and others},
  title        = {Introduction to TensorFlow 2.0},
  booktitle    = {Learn TensorFlow 2.0: Implement Machine Learning and Deep Learning Models with Python},
  year         = {2020},
  pages        = {1-24}
}

@article{harris2020array,
  title={Array programming with NumPy},
  author={Charles R. Harris and K. Jarrod Millman and Stéfan J. van der Walt and Ralf Gommers and Pauli Virtanen and David Cournapeau and Eric Wieser and Julian Taylor and others},
  journal={Nature},
  volume={585},
  number={7825},
  pages={357--362},
  year={2020},
  publisher={Nature Publishing Group}
}

@article{miranda2023hiclass,
  author       = {Miranda, Fábio M. and Köhnecke, Niklas and Renard, Bernhard Y.},
  title        = {Hiclass: a python library for local hierarchical classification compatible with scikit-learn},
  journal      = {Journal of Machine Learning Research},
  year         = {2023},
  volume       = {24},
  number       = {29},
  pages        = {1-17}
}

@misc{werkzeug2023,
  author       = {{Pallets Projects}},
  title        = {Werkzeug Documentation},
  year         = {2023},
  url          = {https://werkzeug.palletsprojects.com/en/3.0.x/},
  note         = {Accessed: 2024-07-10}
}


@inproceedings{koc2021uml,
  author       = {Koç, Hatice and others},
  title        = {UML diagrams in software engineering research: a systematic literature review},
  booktitle    = {Proceedings},
  year         = {2021},
  publisher    = {MDPI},
  pages        = {13}
}

@article{hutchinson2023compass,
  author       = {Hutchinson, Kay and others},
  title        = {COMPASS: a formal framework and aggregate dataset for generalized surgical procedure modeling},
  journal      = {International Journal of Computer Assisted Radiology and Surgery},
  year         = {2023},
  volume       = {18},
  number       = {12},
  pages        = {2143-2154}
}

@misc{utrecht_fairness_recruitment,
  author       = {ICT Institute},
  title        = {Utrecht Fairness Recruitment Dataset},
  year         = 2023,
  url          = {https://www.kaggle.com/datasets/ictinstitute/utrecht-fairness-recruitment-dataset/data},
  note         = {Accessed: 2024-07-05}
}

@misc{statology2021,
  author = {Statology},
  title = {Why is Sample Size Important? (Explanation \& Examples)},
  year = {2021},
  url = {https://www.statology.org/why-is-sample-size-important/},
  note = {Accessed: 2024-07-07}
}

@article{tang2023and,
  title={What-is and how-to for fairness in machine learning: A survey, reflection, and perspective},
  author={Tang, Zeyu and Zhang, Jiji and Zhang, Kun},
  journal={ACM Computing Surveys},
  volume={55},
  number={13s},
  pages={1--37},
  year={2023},
  publisher={ACM New York, NY}
}

@article{kassir2023ai,
  author       = {Kassir, Sara and others},
  title        = {AI for hiring in context: a perspective on overcoming the unique challenges of employment research to mitigate disparate impact},
  journal      = {AI and Ethics},
  year         = {2023},
  volume       = {3},
  number       = {3},
  pages        = {845-868}
}

@inproceedings{schumann2020we,
  title={We need fairness and explainability in algorithmic hiring},
  author={Schumann, Candice and Foster, Jeffrey and Mattei, Nicholas and Dickerson, John},
  booktitle={International Conference on Autonomous Agents and Multi-Agent Systems (AAMAS)},
  year={2020}
}

@article{zafar2017fairness,
  title={Fairness Beyond Disparate Treatment \& Disparate Impact: Learning Classification without Disparate Mistreatment},
  author={Muhammad Bilal Zafar και Isabel Valera και Manuel Gomez Rodriguez και Krishna P. Gummadi},
  journal={Proceedings of the 26th International Conference on World Wide Web},
  year={2017},
  url={https://dl.acm.org/doi/10.1145/3038912.3052660}
}

@incollection{das2024logistic,
  author       = {Das, Abhik},
  title        = {Logistic regression},
  booktitle    = {Encyclopedia of Quality of Life and Well-Being Research},
  year         = {2024},
  pages        = {3985-3986},
  publisher    = {Springer International Publishing},
  address      = {Cham}
}

@article{bucker2022transparency,
  author       = {Bücker, Michael and others},
  title        = {Transparency, auditability, and explainability of machine learning models in credit scoring},
  journal      = {Journal of the Operational Research Society},
  year         = {2022},
  volume       = {73},
  number       = {1},
  pages        = {70-90}
}

@article{ambel2021reducing,
  title={Reducing Bias in Phone Survey Samples: Effectiveness of Reweighting Techniques Using Face-to-Face Surveys as Frames},
  author={Ambel, Alemayehu and McGee, Kevin and Tsegay, Asmelash},
  year={2021}
}

@article{pleiss2017fairness,
  title={On fairness and calibration},
  author={Pleiss, Geoff and Raghavan, Manish and Wu, Felix and Kleinberg, Jon and Weinberger, Kilian Q},
  journal={Advances in neural information processing systems},
  volume={30},
  year={2017}
}

@inproceedings{groves2024auditing,
  title={Auditing work: Exploring the New York City algorithmic bias audit regime},
  author={Groves, Lara and Metcalf, Jacob and Kennedy, Alayna and Vecchione, Briana and Strait, Andrew},
  booktitle={The 2024 ACM Conference on Fairness, Accountability, and Transparency},
  pages={1107--1120},
  year={2024}
}

@article{hilliard2022regulating,
  title={Regulating the robots: NYC mandates bias audits for ai-driven employment decisions},
  author={Hilliard, Airlie and Kazim, Emre and Koshiyama, Adriano and Zannone, Sara and Trengove, Markus and Kingsman, Nigel and Polle, Roseline},
  journal={Available at SSRN 4083189},
  year={2022}
}

@inproceedings{lam2024framework,
  title={A framework for assurance audits of algorithmic systems},
  author={Lam, Khoa and Lange, Benjamin and Blili-Hamelin, Borhane and Davidovic, Jovana and Brown, Shea and Hasan, Ali},
  booktitle={The 2024 ACM Conference on Fairness, Accountability, and Transparency},
  pages={1078--1092},
  year={2024}
}

@article{islam2023differential,
  title={Differential fairness: an intersectional framework for fair AI},
  author={Islam, Rashidul and Keya, Kamrun Naher and Pan, Shimei and Sarwate, Anand D and Foulds, James R},
  journal={Entropy},
  volume={25},
  number={4},
  pages={660},
  year={2023},
  publisher={MDPI}
}

@article{watkins2022four,
  title={The four-fifths rule is not disparate impact},
  author={Watkins, Elizabeth Anne and McKenna, Michael and Chen, Jiahao},
  year={2022}
}

@article{subramanian2021evaluating,
  title={Evaluating debiasing techniques for intersectional biases},
  author={Subramanian, Shivashankar and Han, Xudong and Baldwin, Timothy and Cohn, Trevor and Frermann, Lea},
  journal={arXiv preprint arXiv:2109.10441},
  year={2021}
}

@article{jiang2020supervised,
  title={Supervised machine learning: a brief primer},
  author={Jiang, Tammy and Gradus, Jaimie L and Rosellini, Anthony J},
  journal={Behavior therapy},
  volume={51},
  number={5},
  pages={675--687},
  year={2020},
  publisher={Elsevier}
}

@incollection{james2023unsupervised,
  title={Unsupervised learning},
  author={James, Gareth and Witten, Daniela and Hastie, Trevor and Tibshirani, Robert and Taylor, Jonathan},
  booktitle={An introduction to statistical learning: with applications in Python},
  pages={503--556},
  year={2023},
  publisher={Springer}
}

@book{szepesvari2022algorithms,
  title={Algorithms for reinforcement learning},
  author={Szepesv{\'a}ri, Csaba},
  year={2022},
  publisher={Springer nature}
}

@article{lee2020machine,
  title={Machine learning for enterprises: Applications, algorithm selection, and challenges},
  author={Lee, In and Shin, Yong Jae},
  journal={Business Horizons},
  volume={63},
  number={2},
  pages={157--170},
  year={2020},
  publisher={Elsevier}
}

@phdthesis{rothenhausler2022d3,
  title={d3. js and its potential in data visualization},
  author={Rothenh{\"a}usler, Luis},
  year={2022},
  school={Technische Hochschule Brandenburg}
}

@mastersthesis{benbba2021comparison,
  title={Comparison of D3. js and Chart. js as visualisation tools},
  author={Benbba, Safwane},
  type={{B.S.} thesis},
  year={2021}
}

@book{geron2022hands,
  title={Hands-on machine learning with Scikit-Learn, Keras, and TensorFlow},
  author={G{\'e}ron, Aur{\'e}lien},
  year={2022},
  publisher={" O'Reilly Media, Inc."}
}

@inproceedings{zhang2021introduction,
  title={Introduction to AI fairness},
  author={Zhang, Yunfeng and Bellamy, Rachel and Liao, Q Vera and Singh, Moninder},
  booktitle={Extended Abstracts of the 2021 CHI Conference on Human Factors in Computing Systems},
  pages={1--3},
  year={2021}
}

@inproceedings{biswas2021fair,
  title={Fair preprocessing: towards understanding compositional fairness of data transformers in machine learning pipeline},
  author={Biswas, Sumon and Rajan, Hridesh},
  booktitle={Proceedings of the 29th ACM Joint Meeting on European Software Engineering Conference and Symposium on the Foundations of Software Engineering},
  pages={981--993},
  year={2021}
}

@article{maswadi2021human,
  title={Human activity classification using Decision Tree and Naive Bayes classifiers},
  author={Maswadi, Kholoud and Ghani, Norjihan Abdul and Hamid, Suraya and Rasheed, Muhammads Babar},
  journal={Multimedia Tools and Applications},
  volume={80},
  number={14},
  pages={21709--21726},
  year={2021},
  publisher={Springer}
}

@article{narayan2021comparative,
  title={Comparative analysis of SVM and Naive Bayes classifier for the SEMG signal classification},
  author={Narayan, Yogendra},
  journal={Materials Today: Proceedings},
  volume={37},
  pages={3241--3245},
  year={2021},
  publisher={Elsevier}
}

@article{thakkar2022survey,
  title={A survey on intrusion detection system: feature selection, model, performance measures, application perspective, challenges, and future research directions},
  author={Thakkar, Ankit and Lohiya, Ritika},
  journal={Artificial Intelligence Review},
  volume={55},
  number={1},
  pages={453--563},
  year={2022},
  publisher={Springer}
}

@article{chen2023algorithmic,
  title={Algorithmic fairness in artificial intelligence for medicine and healthcare},
  author={Chen, Richard J and Wang, Judy J and Williamson, Drew FK and Chen, Tiffany Y and Lipkova, Jana and Lu, Ming Y and Sahai, Sharifa and Mahmood, Faisal},
  journal={Nature biomedical engineering},
  volume={7},
  number={6},
  pages={719--742},
  year={2023},
  publisher={Nature Publishing Group UK London}
}

@incollection{pessach2023algorithmic,
  title={Algorithmic fairness},
  author={Pessach, Dana and Shmueli, Erez},
  booktitle={Machine Learning for Data Science Handbook: Data Mining and Knowledge Discovery Handbook},
  pages={867--886},
  year={2023},
  publisher={Springer}
}

@article{dolata2022sociotechnical,
  title={A sociotechnical view of algorithmic fairness},
  author={Dolata, Mateusz and Feuerriegel, Stefan and Schwabe, Gerhard},
  journal={Information Systems Journal},
  volume={32},
  number={4},
  pages={754--818},
  year={2022},
  publisher={Wiley Online Library}
}

@book{kelty2020two,
  title={Two bits: The cultural significance of free software},
  author={Kelty, Christopher M},
  year={2020},
  publisher={Duke University Press}
}

@inproceedings{langenkamp2022open,
  title={How open source machine learning software shapes ai},
  author={Langenkamp, Max and Yue, Daniel N},
  booktitle={Proceedings of the 2022 AAAI/ACM Conference on AI, Ethics, and Society},
  pages={385--395},
  year={2022}
}